<record xmlns="http://www.loc.gov/MARC21/slim" xmlns:xsi="http://www.w3.org/2001/XMLSchema-instance" xsi:schemaLocation="http://www.loc.gov/MARC21/slim http://www.loc.gov/standards/marcxml/schema/MARC21slim.xsd"><leader>03378nam a2200589   4500</leader><controlfield tag="001">3076802</controlfield><controlfield tag="003">NNC</controlfield><controlfield tag="006">m        d        </controlfield><controlfield tag="007">cr cn |||m|||a</controlfield><controlfield tag="008">150223s1954    ua      ob   f001 0 arard</controlfield><datafield ind1=" " ind2=" " tag="040"><subfield code="a">NNU</subfield><subfield code="b">eng</subfield><subfield code="e">rda</subfield><subfield code="c">NNU</subfield></datafield><datafield ind1=" " ind2=" " tag="043"><subfield code="a">ff-----</subfield><subfield code="a">e-sp---</subfield></datafield><datafield ind1=" " ind2="4" tag="050"><subfield code="a">PJ7755.I199</subfield><subfield code="b">M87 1954</subfield></datafield><datafield ind1="1" ind2=" " tag="100"><subfield code="6">880-01</subfield><subfield code="a">Ibn Dih&#803;yah al-Kalbi&#772;, &#699;Umar ibn al-H&#803;asan,</subfield><subfield code="d">1149 or 1150-1235 or 1236.</subfield></datafield><datafield ind1="1" ind2="3" tag="245"><subfield code="6">880-02</subfield><subfield code="a">al-Mut&#803;rib min ash&#699;a&#772;r ahl al-Maghrib /</subfield><subfield code="c">li-Ibn Dih&#803;yah Dhi&#772; al-Nisbayn Abi&#772; al-Khat&#803;t&#803;a&#772;b &#699;Umar ibn al-H&#803;asan ; tah&#803;qi&#772;q Ibra&#772;hi&#772;m al-Ibya&#772;ri&#772;, H&#803;a&#772;mid &#699;Abd al-Maji&#772;d, Ah&#803;mad Ah&#803;mad Badawi&#772; ; raja&#699;ahu T&#803;aha H&#803;usayn.</subfield></datafield><datafield ind1="1" ind2="5" tag="246"><subfield code="6">880-03</subfield><subfield code="a">Mut&#803;rib min ash&#699;a&#772;r ahl al-Maghrib</subfield></datafield><datafield ind1=" " ind2=" " tag="260"><subfield code="6">880-04</subfield><subfield code="a">al-Qa&#772;hirah :</subfield><subfield code="b">Mat&#803;ba&#699;ah al-Ami&#772;ri&#772;yah,</subfield><subfield code="c">1954.</subfield></datafield><datafield ind1=" " ind2=" " tag="300"><subfield code="a">online resource (304 pages)</subfield></datafield><datafield ind1=" " ind2=" " tag="336"><subfield code="a">text</subfield><subfield code="2">rdacontent</subfield></datafield><datafield ind1=" " ind2=" " tag="337"><subfield code="a">computer</subfield><subfield code="2">rdamedia</subfield></datafield><datafield ind1=" " ind2=" " tag="338"><subfield code="a">online resource</subfield><subfield code="2">rdacarrier</subfield></datafield><datafield ind1=" " ind2=" " tag="500"><subfield code="a">At head of title: Wiza&#772;rat al-Tarbi&#772;yah wa-al-Tali&#772;m, al-Ida&#772;rat al-&#699;A&#772;mmah lil-Thaqa&#772;fah, Ida&#772;rat Nashr al-Tura&#772;th al-Qadi&#772;m.</subfield></datafield><datafield ind1=" " ind2=" " tag="500"><subfield code="a">Part of the Arabic Collections Online (ACO) project, contributed by Columbia University Libraries.</subfield></datafield><datafield ind1=" " ind2=" " tag="504"><subfield code="a">Includes bibliographical references and index.</subfield></datafield><datafield ind1=" " ind2=" " tag="533"><subfield code="a">Electronic reproduction.</subfield><subfield code="b">New York, N.Y. :</subfield><subfield code="c">New York University,</subfield><subfield code="d">2015.</subfield><subfield code="5">NNU</subfield></datafield><datafield ind1=" " ind2="0" tag="650"><subfield code="a">Arabic poetry</subfield><subfield code="y">750-1258</subfield><subfield code="x">Collections.</subfield></datafield><datafield ind1=" " ind2="0" tag="650"><subfield code="a">Arabic poetry</subfield><subfield code="z">Africa, North</subfield><subfield code="x">Collections.</subfield></datafield><datafield ind1=" " ind2="0" tag="650"><subfield code="a">Arabic poetry</subfield><subfield code="z">Spain</subfield><subfield code="x">Collections.</subfield></datafield><datafield ind1=" " ind2="7" tag="650"><subfield code="a">Arabic poetry.</subfield><subfield code="2">fast</subfield><subfield code="0">(OCoLC)fst00812533</subfield></datafield><datafield ind1=" " ind2="7" tag="651"><subfield code="a">Africa, North.</subfield><subfield code="2">fast</subfield><subfield code="0">(OCoLC)fst01239515</subfield></datafield><datafield ind1=" " ind2="7" tag="651"><subfield code="a">Spain.</subfield><subfield code="2">fast</subfield><subfield code="0">(OCoLC)fst01204303</subfield></datafield><datafield ind1=" " ind2="7" tag="648"><subfield code="a">750 - 1258</subfield><subfield code="2">fast</subfield></datafield><datafield ind1=" " ind2="7" tag="655"><subfield code="a">Collections.</subfield><subfield code="2">fast</subfield><subfield code="0">(OCoLC)fst01424032</subfield></datafield><datafield ind1="1" ind2=" " tag="700"><subfield code="6">880-05</subfield><subfield code="a">Ibya&#772;ri&#772;, Ibra&#772;hi&#772;m.</subfield></datafield><datafield ind1="1" ind2=" " tag="700"><subfield code="6">880-06</subfield><subfield code="a">&#699;Abd al-Maji&#772;d, H&#803;a&#772;mid.</subfield></datafield><datafield ind1="1" ind2=" " tag="700"><subfield code="6">880-07</subfield><subfield code="a">Badawi&#772;, Ah&#803;mad Ah&#803;mad.</subfield></datafield><datafield ind1="1" ind2=" " tag="700"><subfield code="6">880-08</subfield><subfield code="a">H&#803;usayn, T&#803;a&#772;ha&#772;,</subfield><subfield code="d">1889-1973.</subfield></datafield><datafield ind1="2" ind2=" " tag="710"><subfield code="a">Columbia University.</subfield><subfield code="b">Libraries.</subfield></datafield><datafield ind1="0" ind2=" " tag="730"><subfield code="a">Arabic Collections Online.</subfield></datafield><datafield ind1="0" ind2="8" tag="776"><subfield code="i">Online version:</subfield><subfield code="a">Ibn Dih&#803;yah al-Kalbi&#772;, &#699;Umar ibn al-H&#803;asan, 1149 or 50-1235 or 6.</subfield><subfield code="t">Mut&#803;rib min ash&#699;a&#772;r ahl al-Maghrib.</subfield><subfield code="d">al-Qa&#772;hirah : Mat&#803;ba&#699;ah al-Ami&#772;ri&#772;yah, 1954</subfield><subfield code="w">(OCoLC)637417580</subfield></datafield><datafield ind1="0" ind2="8" tag="776"><subfield code="i">Print version:</subfield><subfield code="a">Ibn Dih&#803;yah al-Kalbi&#772;, &#699;Umar ibn al-H&#803;asan, 1149 or 1150-1235 or 1236.</subfield><subfield code="t">al-Mut&#803;rib min ash&#699;a&#772;r ahl al-Maghrib</subfield><subfield code="w">(NNC)3076802</subfield><subfield code="w">(OCoLC)45303976</subfield></datafield><datafield ind1="4" ind2="0" tag="856"><subfield code="u">http://hdl.handle.net/2333.1/95x69r2v</subfield></datafield><datafield ind1="1" ind2=" " tag="880"><subfield code="6">100-01/r</subfield><subfield code="a">&#1575;&#1576;&#1606; &#1583;&#1581;&#1610;&#1577; &#1575;&#1604;&#1603;&#1604;&#1576;&#1610;&#1548; &#1593;&#1605;&#1585; &#1576;&#1606; &#1575;&#1604;&#1581;&#1587;&#1606;&#1548; </subfield><subfield code="d">1149 or 1150-1235 or 1236.</subfield></datafield><datafield ind1="1" ind2="3" tag="880"><subfield code="6">245-02/r</subfield><subfield code="a">&#1575;&#1604;&#1605;&#1591;&#1585;&#1576; &#1605;&#1606; &#1571;&#1588;&#1593;&#1575;&#1585; &#1571;&#1607;&#1604; &#1575;&#1604;&#1605;&#1594;&#1585;&#1576; /</subfield><subfield code="c">&#1604;&#1575;&#1576;&#1606; &#1583;&#1581;&#1610;&#1577; &#1563; &#1576;&#1578;&#1581;&#1602;&#1610;&#1602; &#1575;&#1576;&#1585;&#1575;&#1607;&#1610;&#1605; &#1575;&#1604;&#1571;&#1576;&#1610;&#1575;&#1585;&#1610;&#1548; &#1581;&#1575;&#1605;&#1583; &#1593;&#1576;&#1583; &#1575;&#1604;&#1605;&#1580;&#1610;&#1583;&#1548; &#1571;&#1581;&#1605;&#1583; &#1571;&#1581;&#1605;&#1583; &#1576;&#1583;&#1608;&#1610; &#1563; &#1585;&#1575;&#1580;&#1593;&#1607; &#1591;&#1607; &#1581;&#1587;&#1610;&#1606;.</subfield></datafield><datafield ind1="1" ind2="5" tag="880"><subfield code="6">246-03/r</subfield><subfield code="a">&#1605;&#1591;&#1585;&#1576; &#1605;&#1606; &#1575;&#1588;&#1593;&#1575;&#1585; &#1575;&#1607;&#1604; &#1575;&#1604;&#1605;&#1594;&#1585;&#1576;</subfield></datafield><datafield ind1=" " ind2=" " tag="880"><subfield code="6">260-04/r</subfield><subfield code="a">&#1575;&#1604;&#1602;&#1575;&#1607;&#1585;&#1577; :</subfield><subfield code="b">&#1575;&#1604;&#1605;&#1591;&#1576;&#1593;&#1577; &#1575;&#1604;&#1571;&#1605;&#1610;&#1585;&#1610;&#1577;&#1548;</subfield><subfield code="c">1954.</subfield></datafield><datafield ind1="1" ind2=" " tag="880"><subfield code="6">700-05/r</subfield><subfield code="a">&#1573;&#1576;&#1610;&#1575;&#1585;&#1610;&#1548; &#1573;&#1576;&#1585;&#1575;&#1607;&#1610;&#1605;.</subfield></datafield><datafield ind1="1" ind2=" " tag="880"><subfield code="6">700-06/r</subfield><subfield code="a">&#1593;&#1576;&#1583; &#1575;&#1604;&#1605;&#1580;&#1610;&#1583;&#1548; &#1581;&#1575;&#1605;&#1583;.</subfield></datafield><datafield ind1="1" ind2=" " tag="880"><subfield code="6">700-07/r</subfield><subfield code="a">&#1576;&#1583;&#1608;&#1610;&#1548; &#1571;&#1581;&#1605;&#1583; &#1571;&#1581;&#1605;&#1583;.</subfield></datafield><datafield ind1="1" ind2=" " tag="880"><subfield code="6">700-08/r</subfield><subfield code="a">&#1581;&#1587;&#1610;&#1606;&#1548; &#1591;&#1607;&#1548;</subfield><subfield code="d">1889-1973.</subfield></datafield><datafield ind1=" " ind2=" " tag="959"><subfield code="a">NNU</subfield><subfield code="b">WEB</subfield><subfield code="c">GENI</subfield><subfield code="t">0</subfield><subfield code="m">Electronic access</subfield><subfield code="s">01</subfield></datafield><datafield ind1=" " ind2=" " tag="999"><subfield code="i">NNC_3076802</subfield><subfield code="o">(OCoLC)45303976</subfield><subfield code="s">columbia_aco000170</subfield></datafield></record>